%YAML 1.1
%TAG !u! tag:unity3d.com,2011:
--- !u!1001 &100100000
Prefab:
  m_ObjectHideFlags: 1
  serializedVersion: 2
  m_Modification:
    m_TransformParent: {fileID: 0}
    m_Modifications: []
    m_RemovedComponents: []
  m_ParentPrefab: {fileID: 0}
  m_RootGameObject: {fileID: 1736075339061382}
  m_IsPrefabParent: 1
--- !u!1 &1221709816249198
GameObject:
  m_ObjectHideFlags: 0
  m_PrefabParentObject: {fileID: 0}
  m_PrefabInternal: {fileID: 100100000}
  serializedVersion: 5
  m_Component:
  - component: {fileID: 4037992321141176}
  - component: {fileID: 212892223305516896}
  - component: {fileID: 60005700347824896}
  - component: {fileID: 114128445522978552}
  - component: {fileID: 114229144854895866}
  m_Layer: 0
  m_Name: Lower
  m_TagString: Untagged
  m_Icon: {fileID: 0}
  m_NavMeshLayer: 0
  m_StaticEditorFlags: 0
  m_IsActive: 1
--- !u!1 &1736075339061382
GameObject:
  m_ObjectHideFlags: 0
  m_PrefabParentObject: {fileID: 0}
  m_PrefabInternal: {fileID: 100100000}
  serializedVersion: 5
  m_Component:
  - component: {fileID: 4192194502572902}
  - component: {fileID: 95981852625774436}
  - component: {fileID: 114837705677001740}
  m_Layer: 0
  m_Name: SpikedGates
  m_TagString: Untagged
  m_Icon: {fileID: 0}
  m_NavMeshLayer: 0
  m_StaticEditorFlags: 0
  m_IsActive: 1
--- !u!1 &1755123532198004
GameObject:
  m_ObjectHideFlags: 0
  m_PrefabParentObject: {fileID: 0}
  m_PrefabInternal: {fileID: 100100000}
  serializedVersion: 5
  m_Component:
  - component: {fileID: 4933193646868888}
  - component: {fileID: 212017340654804496}
  - component: {fileID: 60527394416021522}
  - component: {fileID: 114223072870039788}
  - component: {fileID: 114997649039585948}
  m_Layer: 0
  m_Name: Upper
  m_TagString: Untagged
  m_Icon: {fileID: 0}
  m_NavMeshLayer: 0
  m_StaticEditorFlags: 0
  m_IsActive: 1
--- !u!4 &4037992321141176
Transform:
  m_ObjectHideFlags: 1
  m_PrefabParentObject: {fileID: 0}
  m_PrefabInternal: {fileID: 100100000}
  m_GameObject: {fileID: 1221709816249198}
  m_LocalRotation: {x: -0, y: -0, z: -0, w: 1}
  m_LocalPosition: {x: 0, y: -2.4, z: 0}
  m_LocalScale: {x: 1, y: 1, z: 1}
  m_Children: []
  m_Father: {fileID: 4192194502572902}
  m_RootOrder: 1
  m_LocalEulerAnglesHint: {x: 0, y: 0, z: 0}
--- !u!4 &4192194502572902
Transform:
  m_ObjectHideFlags: 1
  m_PrefabParentObject: {fileID: 0}
  m_PrefabInternal: {fileID: 100100000}
  m_GameObject: {fileID: 1736075339061382}
  m_LocalRotation: {x: 0, y: 0, z: 0, w: 1}
  m_LocalPosition: {x: 12.969602, y: -46.4, z: 0}
  m_LocalScale: {x: 3, y: 3, z: 1}
  m_Children:
  - {fileID: 4933193646868888}
  - {fileID: 4037992321141176}
  m_Father: {fileID: 0}
  m_RootOrder: 0
  m_LocalEulerAnglesHint: {x: 0, y: 0, z: 0}
--- !u!4 &4933193646868888
Transform:
  m_ObjectHideFlags: 1
  m_PrefabParentObject: {fileID: 0}
  m_PrefabInternal: {fileID: 100100000}
  m_GameObject: {fileID: 1755123532198004}
  m_LocalRotation: {x: -0, y: -0, z: -0, w: 1}
  m_LocalPosition: {x: 0, y: 2.4, z: 0}
  m_LocalScale: {x: 1, y: 1, z: 1}
  m_Children: []
  m_Father: {fileID: 4192194502572902}
  m_RootOrder: 0
  m_LocalEulerAnglesHint: {x: 0, y: 0, z: 0}
--- !u!60 &60005700347824896
PolygonCollider2D:
  m_ObjectHideFlags: 1
  m_PrefabParentObject: {fileID: 0}
  m_PrefabInternal: {fileID: 100100000}
  m_GameObject: {fileID: 1221709816249198}
  m_Enabled: 1
  m_Density: 1
  m_Material: {fileID: 0}
  m_IsTrigger: 0
  m_UsedByEffector: 0
  m_UsedByComposite: 0
  m_Offset: {x: 0, y: 0}
  m_SpriteTilingProperty:
    border: {x: 0, y: 0, z: 0, w: 0}
    pivot: {x: 0.5, y: 0.5}
    oldSize: {x: 3.71, y: 7.39}
    newSize: {x: 3.71, y: 7.39}
    adaptiveTilingThreshold: 0.5
    drawMode: 0
    adaptiveTiling: 0
  m_AutoTiling: 0
  m_Points:
    m_Paths:
    - - {x: 1.395, y: -3.0349998}
      - {x: 1.8349999, y: -3.0249999}
      - {x: 1.395, y: -2.865}
      - {x: 1.305, y: -1.875}
      - {x: 1.7049999, y: -1.665}
      - {x: 1.255, y: -1.665}
      - {x: 0.825, y: -0.705}
      - {x: 1.235, y: -0.355}
      - {x: 0.72499996, y: -0.565}
      - {x: 0.205, y: 0.114999995}
      - {x: 0.635, y: 0.415}
      - {x: 0.074999996, y: 0.275}
      - {x: -0.97499996, y: 1.645}
      - {x: -0.575, y: 1.775}
      - {x: -1.0749999, y: 1.925}
      - {x: -0.91499996, y: 2.455}
      - {x: -0.48499998, y: 2.855}
      - {x: 0.085, y: 3.0249999}
      - {x: 0.315, y: 2.935}
      - {x: -0.005, y: 2.355}
      - {x: 0.475, y: 2.7949998}
      - {x: 0.48499998, y: 3.655}
      - {x: 0.24499999, y: 3.205}
      - {x: -0.415, y: 3.185}
      - {x: -0.655, y: 3.645}
      - {x: -0.765, y: 3.0349998}
      - {x: -1.385, y: 2.355}
      - {x: -1.8449999, y: 2.385}
      - {x: -1.435, y: 2.205}
      - {x: -1.3349999, y: 1.525}
      - {x: -0.655, y: 0.66499996}
      - {x: -1.005, y: 0.345}
      - {x: -0.545, y: 0.555}
      - {x: -0.21499999, y: 0.255}
      - {x: 0.39499998, y: -0.48499998}
      - {x: -0.035, y: -0.835}
      - {x: 0.48499998, y: -0.645}
      - {x: 0.805, y: -1.275}
      - {x: 0.36499998, y: -1.515}
      - {x: 0.895, y: -1.495}
      - {x: 1.105, y: -2.685}
      - {x: 0.995, y: -3.195}
      - {x: 0.59499997, y: -3.695}
      - {x: 1.295, y: -3.695}
      - {x: 1.365, y: -3.335}
--- !u!60 &60527394416021522
PolygonCollider2D:
  m_ObjectHideFlags: 1
  m_PrefabParentObject: {fileID: 0}
  m_PrefabInternal: {fileID: 100100000}
  m_GameObject: {fileID: 1755123532198004}
  m_Enabled: 1
  m_Density: 1
  m_Material: {fileID: 0}
  m_IsTrigger: 0
  m_UsedByEffector: 0
  m_UsedByComposite: 0
  m_Offset: {x: 0, y: 0}
  m_SpriteTilingProperty:
    border: {x: 0, y: 0, z: 0, w: 0}
    pivot: {x: 0.5, y: 0.5}
    oldSize: {x: 3.45, y: 7.51}
    newSize: {x: 3.45, y: 7.51}
    adaptiveTilingThreshold: 0.5
    drawMode: 0
    adaptiveTiling: 0
  m_AutoTiling: 0
  m_Points:
    m_Paths:
    - - {x: 0.695, y: -3.195}
      - {x: 1.0649999, y: -3.0449998}
      - {x: 1.165, y: -2.735}
      - {x: 1.7149999, y: -2.7549999}
      - {x: 1.175, y: -2.5449998}
      - {x: 1.105, y: -1.885}
      - {x: 1.5849999, y: -1.645}
      - {x: 1.055, y: -1.675}
      - {x: 0.955, y: -1.275}
      - {x: 1.375, y: -1.0749999}
      - {x: 0.84499997, y: -1.135}
      - {x: 0.355, y: -0.16499999}
      - {x: 0.465, y: 0.755}
      - {x: -0.005, y: 0.545}
      - {x: -0.755, y: 2.0249999}
      - {x: -0.745, y: 2.175}
      - {x: -0.305, y: 2.185}
      - {x: -0.835, y: 2.355}
      - {x: -0.45499998, y: 3.235}
      - {x: 0.065, y: 3.145}
      - {x: -0.375, y: 3.385}
      - {x: -0.125, y: 3.7549999}
      - {x: -0.625, y: 3.7549999}
      - {x: -0.965, y: 3.145}
      - {x: -1.505, y: 3.185}
      - {x: -1.045, y: 2.925}
      - {x: -1.245, y: 2.2549999}
      - {x: -1.7249999, y: 2.065}
      - {x: -1.185, y: 2.095}
      - {x: -0.695, y: 1.125}
      - {x: -1.095, y: 0.955}
      - {x: -0.585, y: 0.97499996}
      - {x: 0.015, y: -0.095}
      - {x: -0.355, y: -0.525}
      - {x: 0.175, y: -0.375}
      - {x: 0.905, y: -2.055}
      - {x: 0.98499995, y: -2.625}
      - {x: 0.84499997, y: -2.915}
      - {x: 0.635, y: -2.455}
      - {x: 0.645, y: -2.985}
      - {x: 0.074999996, y: -3.0349998}
      - {x: 0.044999998, y: -2.495}
      - {x: -0.155, y: -2.985}
      - {x: -0.315, y: -2.905}
      - {x: -0.45499998, y: -2.685}
      - {x: -0.355, y: -2.305}
      - {x: -0.615, y: -2.5249999}
      - {x: -0.66499996, y: -2.8149998}
      - {x: -0.345, y: -3.125}
      - {x: 0.325, y: -3.2949998}
      - {x: 0.42499998, y: -3.7549999}
      - {x: 0.59499997, y: -3.215}
--- !u!95 &95981852625774436
Animator:
  serializedVersion: 3
  m_ObjectHideFlags: 1
  m_PrefabParentObject: {fileID: 0}
  m_PrefabInternal: {fileID: 100100000}
  m_GameObject: {fileID: 1736075339061382}
  m_Enabled: 1
  m_Avatar: {fileID: 0}
  m_Controller: {fileID: 9100000, guid: fb8bc91fe40fa83468948e6f34024789, type: 2}
  m_CullingMode: 0
  m_UpdateMode: 0
  m_ApplyRootMotion: 1
  m_LinearVelocityBlending: 0
  m_WarningMessage: 
  m_HasTransformHierarchy: 1
  m_AllowConstantClipSamplingOptimization: 1
  m_KeepAnimatorControllerStateOnDisable: 0
--- !u!114 &114128445522978552
MonoBehaviour:
  m_ObjectHideFlags: 1
  m_PrefabParentObject: {fileID: 0}
  m_PrefabInternal: {fileID: 100100000}
  m_GameObject: {fileID: 1221709816249198}
  m_Enabled: 1
  m_EditorHideFlags: 0
  m_Script: {fileID: 11500000, guid: 6876803ba35184bf9b6a393e33a2f264, type: 3}
  m_Name: 
  m_EditorClassIdentifier: 
  tolerance: 0.1
--- !u!114 &114223072870039788
MonoBehaviour:
  m_ObjectHideFlags: 1
  m_PrefabParentObject: {fileID: 0}
  m_PrefabInternal: {fileID: 100100000}
  m_GameObject: {fileID: 1755123532198004}
  m_Enabled: 1
  m_EditorHideFlags: 0
  m_Script: {fileID: 11500000, guid: 6876803ba35184bf9b6a393e33a2f264, type: 3}
  m_Name: 
  m_EditorClassIdentifier: 
  tolerance: 0.1
--- !u!114 &114229144854895866
MonoBehaviour:
  m_ObjectHideFlags: 1
  m_PrefabParentObject: {fileID: 0}
  m_PrefabInternal: {fileID: 100100000}
  m_GameObject: {fileID: 1221709816249198}
  m_Enabled: 1
  m_EditorHideFlags: 0
  m_Script: {fileID: 11500000, guid: 23154e51cf592c742815a58a6b2eb921, type: 3}
  m_Name: 
  m_EditorClassIdentifier: 
  damage: 1
  knockback: 300
--- !u!114 &114837705677001740
MonoBehaviour:
  m_ObjectHideFlags: 1
  m_PrefabParentObject: {fileID: 0}
  m_PrefabInternal: {fileID: 100100000}
  m_GameObject: {fileID: 1736075339061382}
  m_Enabled: 1
  m_EditorHideFlags: 0
  m_Script: {fileID: 11500000, guid: 54c4c1222412f964e8fd62adf4e56311, type: 3}
  m_Name: 
  m_EditorClassIdentifier: 
--- !u!114 &114997649039585948
MonoBehaviour:
  m_ObjectHideFlags: 1
  m_PrefabParentObject: {fileID: 0}
  m_PrefabInternal: {fileID: 100100000}
  m_GameObject: {fileID: 1755123532198004}
  m_Enabled: 1
  m_EditorHideFlags: 0
  m_Script: {fileID: 11500000, guid: 23154e51cf592c742815a58a6b2eb921, type: 3}
  m_Name: 
  m_EditorClassIdentifier: 
  damage: 1
  knockback: 300
--- !u!212 &212017340654804496
SpriteRenderer:
  m_ObjectHideFlags: 1
  m_PrefabParentObject: {fileID: 0}
  m_PrefabInternal: {fileID: 100100000}
  m_GameObject: {fileID: 1755123532198004}
  m_Enabled: 1
  m_CastShadows: 0
  m_ReceiveShadows: 0
  m_DynamicOccludee: 1
  m_MotionVectors: 1
  m_LightProbeUsage: 1
  m_ReflectionProbeUsage: 1
  m_RenderingLayerMask: 4294967295
  m_Materials:
  - {fileID: 10754, guid: 0000000000000000f000000000000000, type: 0}
  m_StaticBatchInfo:
    firstSubMesh: 0
    subMeshCount: 0
  m_StaticBatchRoot: {fileID: 0}
  m_ProbeAnchor: {fileID: 0}
  m_LightProbeVolumeOverride: {fileID: 0}
  m_ScaleInLightmap: 1
  m_PreserveUVs: 0
  m_IgnoreNormalsForChartDetection: 0
  m_ImportantGI: 0
  m_StitchLightmapSeams: 0
  m_SelectedEditorRenderState: 0
  m_MinimumChartSize: 4
  m_AutoUVMaxDistance: 0.5
  m_AutoUVMaxAngle: 89
  m_LightmapParameters: {fileID: 0}
  m_SortingLayerID: 1383618475
  m_SortingLayer: 3
  m_SortingOrder: 0
  m_Sprite: {fileID: 21300000, guid: 7c1daa4029bc3df438a425bda3d515b6, type: 3}
  m_Color: {r: 1, g: 1, b: 1, a: 1}
  m_FlipX: 0
  m_FlipY: 0
  m_DrawMode: 0
  m_Size: {x: 3.45, y: 7.51}
  m_AdaptiveModeThreshold: 0.5
  m_SpriteTileMode: 0
  m_WasSpriteAssigned: 1
  m_MaskInteraction: 0
--- !u!212 &212892223305516896
SpriteRenderer:
  m_ObjectHideFlags: 1
  m_PrefabParentObject: {fileID: 0}
  m_PrefabInternal: {fileID: 100100000}
  m_GameObject: {fileID: 1221709816249198}
  m_Enabled: 1
  m_CastShadows: 0
  m_ReceiveShadows: 0
  m_DynamicOccludee: 1
  m_MotionVectors: 1
  m_LightProbeUsage: 1
  m_ReflectionProbeUsage: 1
  m_RenderingLayerMask: 4294967295
  m_Materials:
  - {fileID: 10754, guid: 0000000000000000f000000000000000, type: 0}
  m_StaticBatchInfo:
    firstSubMesh: 0
    subMeshCount: 0
  m_StaticBatchRoot: {fileID: 0}
  m_ProbeAnchor: {fileID: 0}
  m_LightProbeVolumeOverride: {fileID: 0}
  m_ScaleInLightmap: 1
  m_PreserveUVs: 0
  m_IgnoreNormalsForChartDetection: 0
  m_ImportantGI: 0
  m_StitchLightmapSeams: 0
  m_SelectedEditorRenderState: 0
  m_MinimumChartSize: 4
  m_AutoUVMaxDistance: 0.5
  m_AutoUVMaxAngle: 89
  m_LightmapParameters: {fileID: 0}
  m_SortingLayerID: 1383618475
  m_SortingLayer: 3
  m_SortingOrder: 0
  m_Sprite: {fileID: 21300000, guid: 81c048ccb1e39e44eae732b1cf2f7b85, type: 3}
  m_Color: {r: 1, g: 1, b: 1, a: 1}
  m_FlipX: 0
  m_FlipY: 0
  m_DrawMode: 0
  m_Size: {x: 3.71, y: 7.39}
  m_AdaptiveModeThreshold: 0.5
  m_SpriteTileMode: 0
  m_WasSpriteAssigned: 1
  m_MaskInteraction: 0
