%YAML 1.1
%TAG !u! tag:unity3d.com,2011:
--- !u!1001 &100100000
Prefab:
  m_ObjectHideFlags: 1
  serializedVersion: 2
  m_Modification:
    m_TransformParent: {fileID: 0}
    m_Modifications: []
    m_RemovedComponents: []
  m_ParentPrefab: {fileID: 0}
  m_RootGameObject: {fileID: 1463566924811222}
  m_IsPrefabParent: 1
--- !u!1 &1463566924811222
GameObject:
  m_ObjectHideFlags: 0
  m_PrefabParentObject: {fileID: 0}
  m_PrefabInternal: {fileID: 100100000}
  serializedVersion: 5
  m_Component:
  - component: {fileID: 4237030305408366}
  - component: {fileID: 212568052689658214}
  - component: {fileID: 60723598653124920}
  - component: {fileID: 114662541258033044}
  m_Layer: 0
  m_Name: CaveBackground20
  m_TagString: Untagged
  m_Icon: {fileID: 0}
  m_NavMeshLayer: 0
  m_StaticEditorFlags: 0
  m_IsActive: 1
--- !u!4 &4237030305408366
Transform:
  m_ObjectHideFlags: 1
  m_PrefabParentObject: {fileID: 0}
  m_PrefabInternal: {fileID: 100100000}
  m_GameObject: {fileID: 1463566924811222}
  m_LocalRotation: {x: 0, y: 0, z: 0, w: 1}
  m_LocalPosition: {x: 0, y: 0, z: 0}
  m_LocalScale: {x: 1, y: 1, z: 1}
  m_Children: []
  m_Father: {fileID: 0}
  m_RootOrder: 0
  m_LocalEulerAnglesHint: {x: 0, y: 0, z: 0}
--- !u!60 &60723598653124920
PolygonCollider2D:
  m_ObjectHideFlags: 1
  m_PrefabParentObject: {fileID: 0}
  m_PrefabInternal: {fileID: 100100000}
  m_GameObject: {fileID: 1463566924811222}
  m_Enabled: 1
  m_Density: 1
  m_Material: {fileID: 6200000, guid: 56e7eecb06e7e1f40b1a686671dc3310, type: 2}
  m_IsTrigger: 0
  m_UsedByEffector: 0
  m_UsedByComposite: 0
  m_Offset: {x: 0, y: 0}
  m_SpriteTilingProperty:
    border: {x: 0, y: 0, z: 0, w: 0}
    pivot: {x: 0.5, y: 0.5}
    oldSize: {x: 80, y: 45}
    newSize: {x: 80, y: 45}
    adaptiveTilingThreshold: 0.5
    drawMode: 0
    adaptiveTiling: 0
  m_AutoTiling: 0
  m_Points:
    m_Paths:
    - - {x: 39.84375, y: -16.289062}
      - {x: 38.710938, y: -10.8203125}
      - {x: 32.65625, y: -11.2890625}
      - {x: 21.132812, y: -10.6640625}
      - {x: 19.882812, y: -18.90625}
      - {x: 18.359375, y: -19.53125}
      - {x: 8.984375, y: -19.023438}
      - {x: 6.09375, y: -9.8828125}
      - {x: 0.3515625, y: -11.9140625}
      - {x: -4.1015625, y: -10.234375}
      - {x: -11.0546875, y: -9.8046875}
      - {x: -12.734375, y: -18.867188}
      - {x: -19.21875, y: -19.0625}
      - {x: -25.625, y: -18.164062}
      - {x: -29.53125, y: -9.453125}
      - {x: -32.460938, y: -10.703125}
      - {x: -40, y: -17.5}
      - {x: -40, y: -22.5}
      - {x: 40, y: -22.5}
      - {x: 40, y: -17.070312}
    - - {x: 17.421875, y: 9.4140625}
      - {x: 21.132812, y: 9.84375}
      - {x: 24.179688, y: 15.703125}
      - {x: 36.015625, y: 15.2734375}
      - {x: 40, y: 19.375}
      - {x: 40, y: 22.5}
      - {x: -40, y: 22.5}
      - {x: -40, y: 19.375}
      - {x: -31.601562, y: 14.53125}
      - {x: -27.382812, y: 10.5078125}
      - {x: -18.515625, y: 9.7265625}
      - {x: -13.6328125, y: 10.078125}
      - {x: -10.703125, y: 15.3125}
      - {x: 5.546875, y: 15.46875}
      - {x: 6.484375, y: 8.515625}
      - {x: 11.09375, y: 8.8671875}
--- !u!114 &114662541258033044
MonoBehaviour:
  m_ObjectHideFlags: 1
  m_PrefabParentObject: {fileID: 0}
  m_PrefabInternal: {fileID: 100100000}
  m_GameObject: {fileID: 1463566924811222}
  m_Enabled: 1
  m_EditorHideFlags: 0
  m_Script: {fileID: 11500000, guid: 6876803ba35184bf9b6a393e33a2f264, type: 3}
  m_Name: 
  m_EditorClassIdentifier: 
  tolerance: 0.5
--- !u!212 &212568052689658214
SpriteRenderer:
  m_ObjectHideFlags: 1
  m_PrefabParentObject: {fileID: 0}
  m_PrefabInternal: {fileID: 100100000}
  m_GameObject: {fileID: 1463566924811222}
  m_Enabled: 1
  m_CastShadows: 0
  m_ReceiveShadows: 0
  m_DynamicOccludee: 1
  m_MotionVectors: 1
  m_LightProbeUsage: 1
  m_ReflectionProbeUsage: 1
  m_RenderingLayerMask: 4294967295
  m_Materials:
  - {fileID: 10754, guid: 0000000000000000f000000000000000, type: 0}
  m_StaticBatchInfo:
    firstSubMesh: 0
    subMeshCount: 0
  m_StaticBatchRoot: {fileID: 0}
  m_ProbeAnchor: {fileID: 0}
  m_LightProbeVolumeOverride: {fileID: 0}
  m_ScaleInLightmap: 1
  m_PreserveUVs: 0
  m_IgnoreNormalsForChartDetection: 0
  m_ImportantGI: 0
  m_StitchLightmapSeams: 0
  m_SelectedEditorRenderState: 0
  m_MinimumChartSize: 4
  m_AutoUVMaxDistance: 0.5
  m_AutoUVMaxAngle: 89
  m_LightmapParameters: {fileID: 0}
  m_SortingLayerID: 1383618475
  m_SortingLayer: 3
  m_SortingOrder: 0
  m_Sprite: {fileID: 21300000, guid: 5923c25edfc565f499335f5b30d208da, type: 3}
  m_Color: {r: 1, g: 1, b: 1, a: 1}
  m_FlipX: 0
  m_FlipY: 0
  m_DrawMode: 0
  m_Size: {x: 80, y: 45}
  m_AdaptiveModeThreshold: 0.5
  m_SpriteTileMode: 0
  m_WasSpriteAssigned: 1
  m_MaskInteraction: 0
