%YAML 1.1
%TAG !u! tag:unity3d.com,2011:
--- !u!1001 &100100000
Prefab:
  m_ObjectHideFlags: 1
  serializedVersion: 2
  m_Modification:
    m_TransformParent: {fileID: 0}
    m_Modifications: []
    m_RemovedComponents: []
  m_ParentPrefab: {fileID: 0}
  m_RootGameObject: {fileID: 1474289071453710}
  m_IsPrefabParent: 1
--- !u!1 &1474289071453710
GameObject:
  m_ObjectHideFlags: 0
  m_PrefabParentObject: {fileID: 0}
  m_PrefabInternal: {fileID: 100100000}
  serializedVersion: 5
  m_Component:
  - component: {fileID: 4781880734695114}
  - component: {fileID: 212731845166867806}
  - component: {fileID: 60622901424270816}
  - component: {fileID: 114404079866603372}
  m_Layer: 0
  m_Name: CaveBackground33a
  m_TagString: Untagged
  m_Icon: {fileID: 0}
  m_NavMeshLayer: 0
  m_StaticEditorFlags: 0
  m_IsActive: 1
--- !u!4 &4781880734695114
Transform:
  m_ObjectHideFlags: 1
  m_PrefabParentObject: {fileID: 0}
  m_PrefabInternal: {fileID: 100100000}
  m_GameObject: {fileID: 1474289071453710}
  m_LocalRotation: {x: -0, y: -0, z: -0, w: 1}
  m_LocalPosition: {x: 0, y: 0, z: 0}
  m_LocalScale: {x: 1, y: 1, z: 1}
  m_Children: []
  m_Father: {fileID: 0}
  m_RootOrder: 0
  m_LocalEulerAnglesHint: {x: 0, y: 0, z: 0}
--- !u!60 &60622901424270816
PolygonCollider2D:
  m_ObjectHideFlags: 1
  m_PrefabParentObject: {fileID: 0}
  m_PrefabInternal: {fileID: 100100000}
  m_GameObject: {fileID: 1474289071453710}
  m_Enabled: 1
  m_Density: 1
  m_Material: {fileID: 6200000, guid: 56e7eecb06e7e1f40b1a686671dc3310, type: 2}
  m_IsTrigger: 0
  m_UsedByEffector: 0
  m_UsedByComposite: 0
  m_Offset: {x: 0, y: 0}
  m_SpriteTilingProperty:
    border: {x: 0, y: 0, z: 0, w: 0}
    pivot: {x: 0.5, y: 0.5}
    oldSize: {x: 80, y: 45}
    newSize: {x: 80, y: 45.01}
    adaptiveTilingThreshold: 0.5
    drawMode: 0
    adaptiveTiling: 0
  m_AutoTiling: 0
  m_Points:
    m_Paths:
    - - {x: -29.655025, y: -18.676023}
      - {x: -36.10177, y: -16.175468}
      - {x: -39.852604, y: -17.425747}
      - {x: -40.00889, y: -22.505}
      - {x: -22.114288, y: -22.505}
      - {x: -25.47441, y: -20.785868}
    - - {x: 30.241093, y: 22.505}
      - {x: 29.381527, y: 21.52822}
      - {x: 32.54629, y: 18.050884}
      - {x: 35.242203, y: 13.24513}
      - {x: 28.678246, y: 6.95467}
      - {x: 36.258057, y: 6.29046}
      - {x: 36.258057, y: -3.2038367}
      - {x: 27.310755, y: -9.181727}
      - {x: 34.07007, y: -13.753056}
      - {x: 31.80394, y: -17.933672}
      - {x: 21.293793, y: -22.505}
      - {x: 40.00889, y: -22.505}
      - {x: 40.00889, y: 22.505}
    - - {x: -37.07855, y: 17.582031}
      - {x: -36.609695, y: 19.027664}
      - {x: -27.974964, y: 21.293793}
      - {x: -28.443819, y: 22.505}
      - {x: -40.00889, y: 22.505}
      - {x: -40.00889, y: 19.22302}
      - {x: -38.172543, y: 14.651692}
      - {x: -37.39112, y: 16.605251}
--- !u!114 &114404079866603372
MonoBehaviour:
  m_ObjectHideFlags: 1
  m_PrefabParentObject: {fileID: 0}
  m_PrefabInternal: {fileID: 100100000}
  m_GameObject: {fileID: 1474289071453710}
  m_Enabled: 1
  m_EditorHideFlags: 0
  m_Script: {fileID: 11500000, guid: 6876803ba35184bf9b6a393e33a2f264, type: 3}
  m_Name: 
  m_EditorClassIdentifier: 
  tolerance: 0.5
--- !u!212 &212731845166867806
SpriteRenderer:
  m_ObjectHideFlags: 1
  m_PrefabParentObject: {fileID: 0}
  m_PrefabInternal: {fileID: 100100000}
  m_GameObject: {fileID: 1474289071453710}
  m_Enabled: 1
  m_CastShadows: 0
  m_ReceiveShadows: 0
  m_DynamicOccludee: 1
  m_MotionVectors: 1
  m_LightProbeUsage: 1
  m_ReflectionProbeUsage: 1
  m_RenderingLayerMask: 4294967295
  m_Materials:
  - {fileID: 10754, guid: 0000000000000000f000000000000000, type: 0}
  m_StaticBatchInfo:
    firstSubMesh: 0
    subMeshCount: 0
  m_StaticBatchRoot: {fileID: 0}
  m_ProbeAnchor: {fileID: 0}
  m_LightProbeVolumeOverride: {fileID: 0}
  m_ScaleInLightmap: 1
  m_PreserveUVs: 0
  m_IgnoreNormalsForChartDetection: 0
  m_ImportantGI: 0
  m_StitchLightmapSeams: 0
  m_SelectedEditorRenderState: 0
  m_MinimumChartSize: 4
  m_AutoUVMaxDistance: 0.5
  m_AutoUVMaxAngle: 89
  m_LightmapParameters: {fileID: 0}
  m_SortingLayerID: 1383618475
  m_SortingLayer: 3
  m_SortingOrder: 0
  m_Sprite: {fileID: 21300000, guid: a2764bd29ce502b4c98f43ec991383b5, type: 3}
  m_Color: {r: 1, g: 1, b: 1, a: 1}
  m_FlipX: 0
  m_FlipY: 0
  m_DrawMode: 0
  m_Size: {x: 80, y: 45.01}
  m_AdaptiveModeThreshold: 0.5
  m_SpriteTileMode: 0
  m_WasSpriteAssigned: 1
  m_MaskInteraction: 0
